<?xml version="1.0" encoding="UTF-8"?><collection xmlns="http://www.loc.gov/MARC21/slim"><record><leader>00393nam--2200133-i-4500</leader><controlfield tag="001">000012924</controlfield><controlfield tag="002">20161230</controlfield><controlfield tag="005">20161230201030</controlfield><controlfield tag="008">060222s1000------------r-----000-0-eng-d</controlfield><datafield ind1=" " ind2=" " tag="080"><subfield code="a">519.713</subfield></datafield><datafield ind1=" " ind2=" " tag="100"><subfield code="a">Becker, Peter W</subfield></datafield><datafield ind1=" " ind2=" " tag="245"><subfield code="a">Recognition of paterns. using the frequencier of occurrence of binory words. 3rd ed</subfield></datafield><datafield ind1=" " ind2=" " tag="260"><subfield code="a">Wien, New York, Springer-verlag, 1978 Xiv + 222 P</subfield></datafield><datafield ind1=" " ind2=" " tag="852"><subfield code="a">46711</subfield></datafield></record></collection>